@ARTICLE{2011ApJ...735...96S,
   author = {{Skillman}, S.~W. and {Hallman}, E.~J. and {O'Shea}, B.~W. and 
	{Burns}, J.~O. and {Smith}, B.~D. and {Turk}, M.~J.},
    title = "{Galaxy Cluster Radio Relics in Adaptive Mesh Refinement Cosmological Simulations: Relic Properties and Scaling Relationships}",
  journal = {\apj},
archivePrefix = "arXiv",
   eprint = {1006.3559},
 primaryClass = "astro-ph.CO",
 keywords = {cosmic rays, cosmology: theory, hydrodynamics, methods: numerical, radiation mechanisms: non-thermal },
     year = 2011,
    month = jul,
   volume = 735,
    pages = {96-+},
      doi = {10.1088/0004-637X/735/2/96},
   adsurl = {http://adsabs.harvard.edu/abs/2011ApJ...735...96S},
  adsnote = {Provided by the SAO/NASA Astrophysics Data System}
}

@ARTICLE{1998A&A...332..395E,
   author = {{Ensslin}, T.~A. and {Biermann}, P.~L. and {Klein}, U. and {Kohle}, S.
	},
    title = "{Cluster radio relics as a tracer of shock waves of the large-scale structure formation}",
  journal = {\aap},
   eprint = {arXiv:astro-ph/9712293},
 keywords = {GALAXIES: CLUSTERS: GENERAL, SHOCK WAVES, COSMOLOGY: LARGE-SCALE STRUCTURE OF THE UNIVERSE, ACCRETION, ACCELERATION OF PARTICLES, POLARIZATION, RADIO CONTINUUM: GALAXIES},
     year = 1998,
    month = apr,
   volume = 332,
    pages = {395-409},
   adsurl = {http://adsabs.harvard.edu/abs/1998A%26A...332..395E},
  adsnote = {Provided by the SAO/NASA Astrophysics Data System}
}

@ARTICLE{2011ApJ...730...22P,
   author = {{Pfrommer}, C. and {Jones}, T.~W.},
    title = "{Radio Galaxy NGC 1265 Unveils the Accretion Shock Onto the Perseus Galaxy Cluster}",
  journal = {\apj},
archivePrefix = "arXiv",
   eprint = {1004.3540},
 primaryClass = "astro-ph.CO",
 keywords = {galaxies: clusters: individual: Perseus, galaxies: individual: NGC 1265, galaxies: jets, intergalactic medium, radio continuum: galaxies, shock waves},
     year = 2011,
    month = mar,
   volume = 730,
    pages = {22-+},
      doi = {10.1088/0004-637X/730/1/22},
   adsurl = {http://adsabs.harvard.edu/abs/2011ApJ...730...22P},
  adsnote = {Provided by the SAO/NASA Astrophysics Data System}
}
@ARTICLE{2009MNRAS.393.1073B,
   author = {{Battaglia}, N. and {Pfrommer}, C. and {Sievers}, J.~L. and 
	{Bond}, J.~R. and {En{\ss}lin}, T.~A.},
    title = "{Exploring the magnetized cosmic web through low-frequency radio emission}",
  journal = {\mnras},
archivePrefix = "arXiv",
   eprint = {0806.3272},
 keywords = {elementary particles , magnetic fields , radiation mechanisms: non-thermal , cosmic rays , galaxies: clusters: general},
     year = 2009,
    month = mar,
   volume = 393,
    pages = {1073-1089},
      doi = {10.1111/j.1365-2966.2008.14136.x},
   adsurl = {http://adsabs.harvard.edu/abs/2009MNRAS.393.1073B},
  adsnote = {Provided by the SAO/NASA Astrophysics Data System}
}
@ARTICLE{2010A&A...513A..30B,
   author = {{Bonafede}, A. and {Feretti}, L. and {Murgia}, M. and {Govoni}, F. and 
	{Giovannini}, G. and {Dallacasa}, D. and {Dolag}, K. and {Taylor}, G.~B.
	},
    title = "{The Coma cluster magnetic field from Faraday rotation measures}",
  journal = {\aap},
archivePrefix = "arXiv",
   eprint = {1002.0594},
 primaryClass = "astro-ph.CO",
 keywords = {magnetic fields, polarization, galaxies: clusters: general, galaxies: clusters: individual: A1656 Coma},
     year = 2010,
    month = apr,
   volume = 513,
    pages = {A30+},
      doi = {10.1051/0004-6361/200913696},
   adsurl = {http://adsabs.harvard.edu/abs/2010A%26A...513A..30B},
  adsnote = {Provided by the SAO/NASA Astrophysics Data System}
}
@ARTICLE{2011arXiv1107.0968B,
   author = {{Bonafede}, A. and {Dolag}, K. and {Stasyszyn}, F. and {Murante}, G. and 
	{Borgani}, S.},
    title = "{A non-ideal MHD Gadget: Simulating massive galaxy clusters}",
  journal = {ArXiv e-prints},
archivePrefix = "arXiv",
   eprint = {1107.0968},
 primaryClass = "astro-ph.CO",
 keywords = {Astrophysics - Cosmology and Extragalactic Astrophysics},
     year = 2011,
    month = jul,
   adsurl = {http://adsabs.harvard.edu/abs/2011arXiv1107.0968B},
  adsnote = {Provided by the SAO/NASA Astrophysics Data System}
}

@ARTICLE{2011A&A...529A..13K,
   author = {{Kuchar}, P. and {En{\ss}lin}, T.~A.},
    title = "{Magnetic power spectra from Faraday rotation maps. REALMAF and its use on Hydra A}",
  journal = {\aap},
 keywords = {magnetic fields, galaxies: clusters: intracluster medium, radio continuum: general, polarization, turbulence, plasmas},
     year = 2011,
    month = may,
   volume = 529,
    pages = {A13+},
      doi = {10.1051/0004-6361/200913918},
   adsurl = {http://adsabs.harvard.edu/abs/2011A%26A...529A..13K},
  adsnote = {Provided by the SAO/NASA Astrophysics Data System}
}

@ARTICLE{2001A&A...369..441G,
   author = {{Govoni}, F. and {En{\ss}lin}, T.~A. and {Feretti}, L. and {Giovannini}, G.
	},
    title = "{A comparison of radio and X-ray morphologies of four clusters of galaxies containing radio halos}",
  journal = {\aap},
   eprint = {arXiv:astro-ph/0101418},
 keywords = {RADIATION MECHANISM: NON-THERMAL, RADIO CONTINUUM: GENERAL, GALAXIES: CLUSTERS: GENERAL, GALAXIES: INTERGALACTIC MEDIUM, MAGNETIC FIELDS},
     year = 2001,
    month = apr,
   volume = 369,
    pages = {441-449},
      doi = {10.1051/0004-6361:20010115},
   adsurl = {http://adsabs.harvard.edu/abs/2001A%26A...369..441G},
  adsnote = {Provided by the SAO/NASA Astrophysics Data System}
}

@ARTICLE{1997A&A...321...55D,
   author = {{Deiss}, B.~M. and {Reich}, W. and {Lesch}, H. and {Wielebinski}, R.
	},
    title = "{The large-scale structure of the diffuse radio halo of the Coma cluster at 1.4GHz.}",
  journal = {\aap},
   eprint = {arXiv:astro-ph/9609189},
 keywords = {CLUSTERS: INDIVIDUAL: COMA CLUSTERS, INTERGALACTIC MEDIUM, RADIO CONTINUUM: GALAXIES, ACCELERATION OF PARTICLES, DIFFUSION},
     year = 1997,
    month = may,
   volume = 321,
    pages = {55-63},
   adsurl = {http://adsabs.harvard.edu/abs/1997A%26A...321...55D},
  adsnote = {Provided by the SAO/NASA Astrophysics Data System}
}

@ARTICLE{2011arXiv1105.3240P,
   author = {{Pinzke}, A. and {Pfrommer}, C. and {Bergstrom}, L.},
    title = "{Prospects of detecting gamma-ray emission from galaxy clusters: cosmic rays and dark matter annihilations}",
  journal = {ArXiv e-prints},
archivePrefix = "arXiv",
   eprint = {1105.3240},
 primaryClass = "astro-ph.HE",
 keywords = {Astrophysics - High Energy Astrophysical Phenomena, Astrophysics - Cosmology and Extragalactic Astrophysics},
     year = 2011,
    month = may,
   adsurl = {http://adsabs.harvard.edu/abs/2011arXiv1105.3240P},
  adsnote = {Provided by the SAO/NASA Astrophysics Data System}
}

@ARTICLE{1992A&A...259L..31B,
    author = {{Briel}, U. G. and {Henry}, J. P. and {B{\"o}hringer}, H.},
    title = {Observation of the Coma cluster of galaxies with ROSAT during the all-sky survey},
    journal = {\aap},
    year = 1992,
    month = jun,
    volume = 259,
    pages = {L31--L34},
    url = {http://esoads.eso.org/cgi-bin/nph-bib_query?bibcode=1992A%26A...259L..31B&db_key=AST},
    adsnote = {Provided by the NASA Astrophysics Data System}
}

@ARTICLE{2000A&A...362..151D,
   author = {{Dolag}, K. and {En{\ss}lin}, T.~A.},
    title = "{Radio halos of galaxy clusters from hadronic secondary electron injection in realistic magnetic field configurations}",
  journal = {\aap},
   eprint = {arXiv:astro-ph/0008333},
 keywords = {MAGNETIC FIELDS, MAGNETOHYDRODYNAMICS (MHD), RADIATION MECHANISMS: NON-THERMAL, GALAXIES: INTERGALACTIC MEDIUM, GALAXIES: CLUSTERS: GENERAL, RADIO CONTINUUM: GENERAL},
     year = 2000,
    month = oct,
   volume = 362,
    pages = {151-157},
   adsurl = {http://adsabs.harvard.edu/abs/2000A%26A...362..151D},
  adsnote = {Provided by the SAO/NASA Astrophysics Data System}
}

@ARTICLE{2001ApJ...559...59M,
   author = {{Miniati}, F. and {Ryu}, D. and {Kang}, H. and {Jones}, T.~W.
	},
    title = "{Cosmic-Ray Protons Accelerated at Cosmological Shocks and Their Impact on Groups and Clusters of Galaxies}",
  journal = {\apj},
   eprint = {arXiv:astro-ph/0105465},
 keywords = {Acceleration of Particles, Gamma Rays: Theory, Cosmology: Large-Scale Structure of Universe, Methods: Numerical, Shock Waves, X-Rays: Galaxies: Clusters},
     year = 2001,
    month = sep,
   volume = 559,
    pages = {59-69},
      doi = {10.1086/322375},
   adsurl = {http://adsabs.harvard.edu/abs/2001ApJ...559...59M},
  adsnote = {Provided by the SAO/NASA Astrophysics Data System}
}

@ARTICLE{2003MNRAS.342.1009M,
   author = {{Miniati}, F.},
    title = "{Numerical modelling of gamma radiation from galaxy clusters}",
  journal = {\mnras},
   eprint = {arXiv:astro-ph/0303593},
 keywords = {acceleration of particles, radiation mechanisms: non-thermal, shock waves, methods: numerical, galaxies: clusters: general, gamma-rays: theory},
     year = 2003,
    month = jul,
   volume = 342,
    pages = {1009-1020},
      doi = {10.1046/j.1365-8711.2003.06647.x},
   adsurl = {http://adsabs.harvard.edu/abs/2003MNRAS.342.1009M},
  adsnote = {Provided by the SAO/NASA Astrophysics Data System}
}


@ARTICLE{2004MNRAS.352...76P,
   author = {{Pfrommer}, C. and {En{\ss}lin}, T.~A.},
    title = "{Estimating galaxy cluster magnetic fields by the classical and hadronic minimum energy criterion}",
  journal = {\mnras},
   eprint = {arXiv:astro-ph/0404119},
 keywords = {elementary particles, magnetic fields, radiation mechanisms: non-thermal, cosmic rays, galaxies: clusters: individual: Coma (A 1656), galaxies: clusters: individual: Perseus (A 426)},
     year = 2004,
    month = jul,
   volume = 352,
    pages = {76-90},
      doi = {10.1111/j.1365-2966.2004.07900.x},
   adsurl = {http://adsabs.harvard.edu/abs/2004MNRAS.352...76P},
  adsnote = {Provided by the SAO/NASA Astrophysics Data System}
}

@ARTICLE{2008MNRAS.385.1211P,
   author = {{Pfrommer}, C. and {En{\ss}lin}, T.~A. and {Springel}, V.},
    title = "{Simulating cosmic rays in clusters of galaxies - II. A unified scheme for radio haloes and relics with predictions of the {$\gamma$}-ray emission}",
  journal = {\mnras},
archivePrefix = "arXiv",
   eprint = {0707.1707},
 keywords = {magnetic fields , radiation mechanisms: non-thermal , cosmic rays , galaxies: clusters: general , large-scale structure of Universe},
     year = 2008,
    month = apr,
   volume = 385,
    pages = {1211-1241},
      doi = {10.1111/j.1365-2966.2008.12956.x},
   adsurl = {http://adsabs.harvard.edu/abs/2008MNRAS.385.1211P},
  adsnote = {Provided by the SAO/NASA Astrophysics Data System}
}
@ARTICLE{2008MNRAS.385.1242P,
   author = {{Pfrommer}, C.},
    title = "{Simulating cosmic rays in clusters of galaxies - III. Non-thermal scaling relations and comparison to observations}",
  journal = {\mnras},
archivePrefix = "arXiv",
   eprint = {0707.1693},
 keywords = {magnetic fields, radiation mechanisms: non-thermal, cosmic rays, galaxies: clusters: general},
     year = 2008,
    month = apr,
   volume = 385,
    pages = {1242-1256},
      doi = {10.1111/j.1365-2966.2008.12957.x},
   adsurl = {http://adsabs.harvard.edu/abs/2008MNRAS.385.1242P},
  adsnote = {Provided by the SAO/NASA Astrophysics Data System}
}

@ARTICLE{2009JCAP...09..024K,
   author = {{Kushnir}, D. and {Katz}, B. and {Waxman}, E.},
    title = "{Magnetic fields and cosmic rays in clusters of galaxies}",
  journal = {\jcap},
archivePrefix = "arXiv",
   eprint = {0903.2275},
 primaryClass = "astro-ph.HE",
     year = 2009,
    month = sep,
   volume = 9,
    pages = {24-+},
      doi = {10.1088/1475-7516/2009/09/024},
   adsurl = {http://adsabs.harvard.edu/abs/2009JCAP...09..024K},
  adsnote = {Provided by the SAO/NASA Astrophysics Data System}
}



@ARTICLE{2010MNRAS.401...47D,
   author = {{Donnert}, J. and {Dolag}, K. and {Brunetti}, G. and {Cassano}, R. and 
	{Bonafede}, A.},
    title = "{Radio haloes from simulations and hadronic models - I. The Coma cluster}",
  journal = {\mnras},
archivePrefix = "arXiv",
   eprint = {0905.2418},
 primaryClass = "astro-ph.CO",
 keywords = {galaxies: clusters: individual: Coma, intergalactic medium},
     year = 2010,
    month = jan,
   volume = 401,
    pages = {47-54},
      doi = {10.1111/j.1365-2966.2009.15655.x},
   adsurl = {http://adsabs.harvard.edu/abs/2010MNRAS.401...47D},
  adsnote = {Provided by the SAO/NASA Astrophysics Data System}
}

@ARTICLE{2010MNRAS.407.1565D,
   author = {{Donnert}, J. and {Dolag}, K. and {Cassano}, R. and {Brunetti}, G.
	},
    title = "{Radio haloes from simulations and hadronic models - II. The scaling relations of radio haloes}",
  journal = {\mnras},
archivePrefix = "arXiv",
   eprint = {1003.0336},
 primaryClass = "astro-ph.CO",
 keywords = {MHD, methods: numerical, galaxies: clusters: intracluster medium},
     year = 2010,
    month = sep,
   volume = 407,
    pages = {1565-1580},
      doi = {10.1111/j.1365-2966.2010.17065.x},
   adsurl = {http://adsabs.harvard.edu/abs/2010MNRAS.407.1565D},
  adsnote = {Provided by the SAO/NASA Astrophysics Data System}
}

@ARTICLE{2003ApJ...593..599R,
   author = {{Ryu}, D. and {Kang}, H. and {Hallman}, E. and {Jones}, T.~W.
	},
    title = "{Cosmological Shock Waves and Their Role in the Large-Scale Structure of the Universe}",
  journal = {\apj},
   eprint = {arXiv:astro-ph/0305164},
 keywords = {Cosmology: Large-Scale Structure of Universe, Methods: Numerical, Shock Waves},
     year = 2003,
    month = aug,
   volume = 593,
    pages = {599-610},
      doi = {10.1086/376723},
   adsurl = {http://adsabs.harvard.edu/abs/2003ApJ...593..599R},
  adsnote = {Provided by the SAO/NASA Astrophysics Data System}
}

@ARTICLE{2007MNRAS.378..385P,
   author = {{Pfrommer}, C. and {En{\ss}lin}, T.~A. and {Springel}, V. and 
	{Jubelgas}, M. and {Dolag}, K.},
    title = "{Simulating cosmic rays in clusters of galaxies - I. Effects on the Sunyaev-Zel'dovich effect and the X-ray emission}",
  journal = {\mnras},
   eprint = {arXiv:astro-ph/0611037},
 keywords = {radiation mechanisms: general, cosmic rays, galaxies: cluster: general, cooling flows, large-scale structure of Universe, X-rays: galaxies: clusters},
     year = 2007,
    month = jun,
   volume = 378,
    pages = {385-408},
      doi = {10.1111/j.1365-2966.2007.11732.x},
   adsurl = {http://adsabs.harvard.edu/abs/2007MNRAS.378..385P},
  adsnote = {Provided by the SAO/NASA Astrophysics Data System}
}

@ARTICLE{2010MNRAS.409..449P,
   author = {{Pinzke}, A. and {Pfrommer}, C.},
    title = "{Simulating the {$\gamma$}-ray emission from galaxy clusters: a universal cosmic ray spectrum and spatial distribution}",
  journal = {\mnras},
archivePrefix = "arXiv",
   eprint = {1001.5023},
 primaryClass = "astro-ph.CO",
 keywords = {elementary particles, magnetic fields, radiation mechanisms: non-thermal, cosmic rays, Galaxy: fundamental parameters, galaxies: clusters: general},
     year = 2010,
    month = dec,
   volume = 409,
    pages = {449-480},
      doi = {10.1111/j.1365-2966.2010.17328.x},
   adsurl = {http://adsabs.harvard.edu/abs/2010MNRAS.409..449P},
  adsnote = {Provided by the SAO/NASA Astrophysics Data System}
}
@ARTICLE{2006MNRAS.367..113P,
   author = {{Pfrommer}, C. and {Springel}, V. and {En{\ss}lin}, T.~A. and 
	{Jubelgas}, M.},
    title = "{Detecting shock waves in cosmological smoothed particle hydrodynamics simulations}",
  journal = {\mnras},
   eprint = {arXiv:astro-ph/0603483},
 keywords = {shock waves-methods: numerical-cosmic rays-galaxies: clusters: general-intergalactic medium-large-scale structure of Universe},
     year = 2006,
    month = mar,
   volume = 367,
    pages = {113-131},
      doi = {10.1111/j.1365-2966.2005.09953.x},
   adsurl = {http://adsabs.harvard.edu/abs/2006MNRAS.367..113P},
  adsnote = {Provided by the SAO/NASA Astrophysics Data System}
}
@ARTICLE{2004A&A...413...17P,
   author = {{Pfrommer}, C. and {En{\ss}lin}, T.~A.},
    title = "{Constraining the population of cosmic ray protons in cooling flow clusters with {$\gamma$}-ray and radio observations:  Are radio mini-halos of hadronic origin?}",
  journal = {\aap},
 keywords = {galaxies: cooling flows, galaxies: cluster: general, galaxies: cluster: individual: Perseus (A426), galaxies: intergalactic medium, ISM: cosmic rays, radiation mechanisms: non-thermal},
     year = 2004,
    month = jan,
   volume = 413,
    pages = {17-36},
      doi = {10.1051/0004-6361:20031464},
   adsurl = {http://adsabs.harvard.edu/abs/2004A%26A...413...17P},
  adsnote = {Provided by the SAO/NASA Astrophysics Data System}
}
@ARTICLE{2008A&A...481...33J,
   author = {{Jubelgas}, M. and {Springel}, V. and {En{\ss}lin}, T. and {Pfrommer}, C.
	},
    title = "{Cosmic ray feedback in hydrodynamical simulations of galaxy formation}",
  journal = {\aap},
   eprint = {arXiv:astro-ph/0603485},
 keywords = {methods: numerical, acceleration of particles, ISM: general, galaxies: structure, galaxies: clusters: general, intergalactic medium},
     year = 2008,
    month = apr,
   volume = 481,
    pages = {33-63},
      doi = {10.1051/0004-6361:20065295},
   adsurl = {http://adsabs.harvard.edu/abs/2008A%26A...481...33J},
  adsnote = {Provided by the SAO/NASA Astrophysics Data System}
}
@ARTICLE{2011A&A...527A..99E,
   author = {{En{\ss}lin}, T. and {Pfrommer}, C. and {Miniati}, F. and {Subramanian}, K.
	},
    title = "{Cosmic ray transport in galaxy clusters: implications for radio halos, gamma-ray signatures, and cool core heating}",
  journal = {\aap},
archivePrefix = "arXiv",
   eprint = {1008.4717},
 primaryClass = "astro-ph.CO",
 keywords = {acceleration of particles, astroparticle physics, radio continuum: galaxies, magnetic fields, galaxies: clusters: intracluster medium, gamma rays: galaxies: clusters},
     year = 2011,
    month = mar,
   volume = 527,
    pages = {A99+},
      doi = {10.1051/0004-6361/201015652},
   adsurl = {http://adsabs.harvard.edu/abs/2011A%26A...527A..99E},
  adsnote = {Provided by the SAO/NASA Astrophysics Data System}
}
@ARTICLE{2007A&A...473...41E,
   author = {{En{\ss}lin}, T.~A. and {Pfrommer}, C. and {Springel}, V. and 
	{Jubelgas}, M.},
    title = "{Cosmic ray physics in calculations of cosmological structure formation}",
  journal = {\aap},
   eprint = {arXiv:astro-ph/0603484},
 keywords = {galaxies: intergalactic medium, galaxies:, clusters: general, acceleration of particles, radiation mechanisms: non-thermal, methods: numerical, cosmic rays},
     year = 2007,
    month = oct,
   volume = 473,
    pages = {41-57},
      doi = {10.1051/0004-6361:20065294},
   adsurl = {http://adsabs.harvard.edu/abs/2007A%26A...473...41E},
  adsnote = {Provided by the SAO/NASA Astrophysics Data System}
}
@ARTICLE{2009Sci...325..719H,
   author = {{Helder}, E.~A. and {Vink}, J. and {Bassa}, C.~G. and {Bamba}, A. and 
	{Bleeker}, J.~A.~M. and {Funk}, S. and {Ghavamian}, P. and {van der Heyden}, K.~J. and 
	{Verbunt}, F. and {Yamazaki}, R.},
    title = "{Measuring the Cosmic-Ray Acceleration Efficiency of a Supernova Remnant}",
  journal = {Science},
archivePrefix = "arXiv",
   eprint = {0906.4553},
 primaryClass = "astro-ph.GA",
     year = 2009,
    month = aug,
   volume = 325,
    pages = {719-},
      doi = {10.1126/science.1173383},
   adsurl = {http://adsabs.harvard.edu/abs/2009Sci...325..719H},
  adsnote = {Provided by the SAO/NASA Astrophysics Data System}
}
@ARTICLE{2005ApJ...620...44K,
   author = {{Kang}, H. and {Jones}, T.~W.},
    title = "{Efficiency of Nonlinear Particle Acceleration at Cosmic Structure Shocks}",
  journal = {\apj},
     year = 2005,
    month = feb,
   volume = 620,
    pages = {44-58},
   adsurl = {http://esoads.eso.org/cgi-bin/nph-bib_query?bibcode=2005ApJ...620...44K&db_key=AST},
  adsnote = {Provided by the NASA Astrophysics Data System}
}

@article{article:Abdo_etal:2009,
  author    = {A. A. Abdo and others},
  title     = {},
  journal   = {\apj},
  year      = {2009},
  volume    = {699},
  pages     = {31}
}

@article{article:AbellCorwinOlowin:1989,
  author    = {G. O. Abell and H. G. Corwin and R. P. Olowin},
  title     = {},
  journal   = {ApJS},
  year      = {1989},
  volume    = {70},
  pages     = {1}
}

@article{article:Acciari_etal:2009,
  author    = {V.A. Acciari and others},
  title     = {},
  journal   = {Nature},
  volume    = {1},
  year      = {2009},
  pages     = {1}
}

@article{article:Acero_etal:2009,
  author    = {F. Acero and others},
  title     = {},
  journal   = {Science},
  volume    = {1},
  year      = {2009},
  pages     = {1}
}

@article{article:Ackermann_etal:2010,
  author    = {M. Ackermann and others},
  title     = {},
  journal   = {ApJ},
  year      = {2010},
  volume    = {in press},
  pages     = {}
}

@article{article:Aharonian_etal:2001,
  author    = {F. A. Aharonian and others},
  title     = {},
  journal   = {A\&A},
  year      = {2001},
  volume    = {370},
  pages     = {112}
}

@article{article:Aharonian_etal:2009,
  author    = {F. A. Aharonian and others},
  title     = {},
  journal   = {A\&A},
  year      = {2009},
  volume    = {502},
  pages     = {437-443}
}

@article{article:Aharonian_etal:1997,
  author    = {F. A. Aharonian and W. Hofmann and A. K. Konopelko and H. J. V\"olk},
  title     = {},
  journal   = {Astropart. Phys},
  year      = {1997},
  volume    = {6},
  pages     = {343}
}

@article{article:Aleksic_etal:2010,
  author    = {J. Aleksi\'c and others},
  title     = {},
  journal   = {ApJ},
  year      = {2010},
  volume    = {710},
  pages     = {634}
}

@article{article:BrielHenryBohringer:1992,
  author    = {U. G. Briel and J. P. Henry and H. B\"ohringer},
  title     = {},
  journal   = {A\&A},
  year      = {1992},
  volume    = {259},
  pages     = {L31},
  notes     = {}
}

@article{article:Briel_etal:2001,
  author    = {U. G. Briel and others},
  title     = {},
  journal   = {A\&A},
  year      = {2001},
  volume    = {365},
  pages     = {L60},
  notes     = {}
}

@article{article:BrownRudnick:2010,
  author    = {S. Brown and L. Rudnick},
  title     = {},
  journal   = {MNRAS},
  year      = {2010},
  volume    = {},
  pages     = {},
  notes     = {accepted, astro-ph/1009.4258v2}
}

@article{article:Berezinsky_etal:1997,
  author    = {V. S. Berezinsky and P. Blasi and V. S. Ptuskin},
  title     = {},
  journal   = {ApJ},
  year      = {1997},
  volume    = {487},
  pages     = {529}
}

@article{article:Cassano_etal:2010,
  author    = {R. Cassano and S. Ettori and S. Giacintucci and G. Brunetti and M. Markevitch and T. Venturi and M. Gitti},
  title     = {},
  journal   = {ApJ},
  year      = {2010},
  volume    = {721},
  pages     = {L82}
}

@article{article:ColafrancescoBlasi:1998,
  author    = {S. Colafrancesco and P. Blasi},
  title     = {},
  journal   = {Astropart. Phys.},
  year      = {1998},
  volume    = {9},
  pages     = {227}
}

@article{article:DiaferioSchindlerDolag:2008,
  author    = {A. Diaferio and S. Schindler and K. Dolag},
  title     = {},
  journal   = {Space Science Rev.},
  year      = {2008},
  volume    = {134},
  pages     = {7}
}

@article{article:Eckert_etal:2007,
  author    = {D. Eckert and A. Neronov and T. J.-L. Courvoisier and N. Produit},
  title     = {},
  journal   = {A\&A},
  year      = {2007},
  volume    = {470},
  pages     = {835}
}

@article{article:Formin_etal:1994,
  author    = {V. Formin and others},
  title     = {},
  journal   = {Astropart. Phys.},
  year      = {1994},
  volume    = {2},
  pages     = {137}
}

@article{article:Fusco-Femiano_etal:2004,
  author    = {R. Fusco-Femiano and M. Orlandini and G. Brunetti and L. Feretti and G. Giovannini and P. Grandi and G. Setti},
  title     = {},
  journal   = {ApJ},
  year      = {2004},
  volume    = {602},
  pages     = {L73}
}

@article{article:Giovannini_etal:1993,
  author    = {G. Giovannini and L. Feretti and T. Venturi and K.-T. Kim and P. P. Kronberg},
  title     = {},
  journal   = {ApJ},
  year      = {1993},
  volume    = {406},
  pages     = {399}
}

@article{article:Holder_etal:2006,
  author    = {J. Holder and others},
  title     = {},
  journal   = {Astropart. Phys.},
  year      = {2006},
  volume    = {25},
  pages     = {391}
}

@article{article:Krawczynski_etal:2006,
  author    = {H. Krawczynski and D. A. Carter-Lewis and C. Duke and J. Holder and G. Maier and S. Le Bohec and G. Sembroski},
  title     = {},
  journal   = {Astropart. Phys},
  year      = {2006},
  volume    = {25},
  pages     = {380}
}

@article{article:Kronberg_etal:2007,
  author    = {P. P. Kronberg and others},
  title     = {},
  journal   = {ApJ},
  year      = {2007},
  volume    = {659},
  pages     = {267-274}
}

@article{article:Kubo_etal:2008,
  author    = {J. M. Kubo and A. Stebbins and J. Annis and I. P. Dell'Antonio and H. Lin and H. Khiabanian and J. A. Frieman},
  title     = {},
  journal   = {ApJ},
  year      = {2008},
  volume    = {671},
  pages     = {1466}
}

@article{article:LiMa:1983,
  author    = {T. Li and Y. Ma},
  journal   = {ApJ},
  year      = {1983},
  volume    = {272},
  pages     = {317-324}
}

@article{article:MaierKnapp:2007,
  author    = {G. Maier and J. Knapp},
  title     = {},
  journal   = {Astropart. Phys.},
  year      = {2007},
  volume    = {28},
  pages     = {78}
}

@article{article:Neumann_etal:2003,
  author    = {D. M. Neumann and D. H. Lumb and G. W. Pratt and U. G. Briel},
  title     = {},
  journal   = {A\&A},
  year      = {2003},
  volume    = {400},
  pages     = {811-821}
}

@article{article:Perkins_etal:2006,
  author    = {J. S. Perkins and others},
  title     = {},
  journal   = {ApJ},
  year      = {2006},
  volume    = {644},
  pages     = {148-154}
}

@article{article:Petrosian:2001,
  author    = {V. Petrosian},
  title     = {},
  journal   = {ApJ},
  year      = {2001},
  volume    = {557},
  pages     = {560-572}
}

@article{article:RephaeliGruber:2002,
  author    = {M. Rephaeli and D. Gruber},
  title     = {},
  journal   = {ApJ},
  year      = {2002},
  volume    = {597},
  pages     = {587}
}

@article{article:Reimer_etal:2003,
  author    = {O. Reimer and others},
  title     = {},
  journal   = {ApJ},
  year      = {2003},
  volume    = {588},
  pages     = {155-164}
}

@article{article:Ribas_etal:2005,
  author    = {I. Ribas and others},
  title     = {},
  journal   = {ApJ},
  volume    = {635},
  year      = {2005},
  pages     = {L37-L40}
}

@article{article:Rolke_etal:2005,
  author    = {W. A. Rolke and A. M. Lopez and J. Conrad},
  title     = {},
  journal   = {Nucl. Intrum. Methods Phys. Res. A},
  year      = {2005},
  volume    = {551},
  pages     = {493}
}

@article{article:Ryu_etal:2003,
  author    = {D. Ryu and H. Kang and H. Hallmann and T. W. Jones},
  title     = {},
  journal   = {ApJ},
  year      = {2003},
  volume    = {593},
  pages     = {599}
}

@article{article:Sreekumar_etal:1996,
  author    = {P. Sreekumar and others},
  title     = {},
  journal   = {ApJ},
  volume    = {464},
  pages     = {628},
  year      = {1996}
}

@article{article:StrubleRood:1999,
  author    = {M. F. Struble and H. J. Rood},
  title     = {},
  journal   = {ApJ},
  year      = {2003},
  volume    = {593},
  pages     = {599}
}

@article{article:SarazinLieu:1998,
  author    = {C. L. Sarazin and R. Lieu},
  title     = {},
  journal   = {ApJ},
  year      = {1983},
  volume    = {270},
  pages     = {422}
}

@article{article:Smith:1983,
  author    = {Smith, H., Jr.},
  title     = {},
  journal   = {ApJ},
  year      = {1998},
  volume    = {494},
  pages     = {L177}
}

@article{article:Thierbach_etal:2003,
  author    = {M. Thierbach and U. Klein and R. Wielebinski},
  title     = {},
  journal   = {A\&A},
  year      = {2003},
  volume    = {397},
  pages     = {53}
}

@article{article:Tribble:1993,
  author    = {P. C. Tribble},
  title     = {},
  journal   = {MNRAS},
  year      = {1993},
  volume    = {263},
  pages     = {31}
}

@article{article:Voges_etal:1999,
  author    = {W. Voges and others},
  title     = {},
  journal   = {A\&A},
  year      = {1999},
  volume    = {349},
  pages     = {389-405}
}

@article{article:Voit:2005,
  author    = {G. M. Voit},
  title     = {},
  journal   = {Rev. Mod. Phys.},
  year      = {2005},
  volume    = {77},
  pages     = {207}
}

@article{article:Volk_etal:1996,
  author    = {H. V\"olk and F. A. Aharonian and D. Breitschwerdt},
  title     = {},
  journal   = {Space Science Rev.},
  year      = {1996},
  volume    = {75},
  pages     = {279}
}

@article{article:Weekes_etal:2002,
  author    = {T. C. Weekes and others},
  title     = {},
  journal   = {Astropart. Phys.},
  year      = {2002},
  volume    = {17},
  pages     = {221}
}

@article{article:Wik_etal:2009,
  author    = {D. R. Wik and C. L. Sarazin and A. Finoguenov and K. Matsushita and K. Nakazawa and T. E. Clarke},
  title     = {},
  journal   = {ApJ},
  year      = {2009},
  volume    = {696},
  pages     = {1700}
}

@inproceedings{inproc:Cogan_etal:2007,
  author    = {P. Cogan and others},
  title		= {},
  booktitle = {Proc. of the 30th Int. Cosmic Ray Conf.},
  volume    = {3},
  editor    = {R. Caballero, J. C. D'Olivo, G. Medina-Tanco and others},
  address   = {Mexico City: Universidad Nacional Aut\'onoma de M\'exico},
  pages     = {1385},
  year		= {2007}
}

@inproceedings{inproc:Daniel_etal:2007,
  author    = {M. K. Daniel and others},
  title		= {},
  booktitle = {Proc. of the 30th Int. Cosmic Ray Conf.},
  volume    = {3},
  editor    = {R. Caballero, J. C. D'Olivo, G. Medina-Tanco and others},
  address   = {Mexico City: Universidad Nacional Aut\'onoma de M\'exico},
  pages     = {1325},
  year		= {2007}
}

@inproceedings{inproc:Hillas:1985,
  author    = {A. M. Hillas},
  title		= {},
  booktitle = {Proc. of the 19th Int. Cosmic Ray Conf.},
  volume    = {3},
  editor    = {},
  address   = {San Diego, CA},
  pages     = {445},
  year		= {1985}
}

@inproceedings{inproc:Perkins_etal:2008,
  author    = {J. Perkins and others},
  title     = {},
  booktitle = {AIP Conf. Ser. 1085, High-energy Gamma-ray Astronomy: Proc. 4th International Meeting on High Energy Gamma-ray Astronomy},
  volume    = {},
  editor    = {F. A. Aharonian and W. Hofmann and F. Rieger},
  address   = {Melville, NY},
  pages     = {569},
  year		= {2008}
}
